@inproceedings{rozenberg1996elementary,
  title={Elementary net systems},
  author={Rozenberg, Grzegorz and Engelfriet, Joost},
  booktitle={Advanced Course on Petri Nets},
  pages={12--121},
  year={1996},
  organization={Springer}
}

@book{diaz2013petri,
  title={Petri nets: fundamental models, verification and applications},
  author={Diaz, Michel},
  year={2013},
  publisher={John Wiley \& Sons}
}

@book{girault2013petri,
  title={Petri nets for systems engineering: a guide to modeling, verification, and applications},
  author={Girault, Claude and Valk, R{\"u}diger},
  year={2013},
  publisher={Springer Science \& Business Media}
}

@book{alfred2007compilers,
  title={Compilers principles, techniques \& tools},
  author={Alfred, V Aho and Monica, S Lam and Jeffrey, D Ullman},
  year={2007},
  publisher={pearson Education}
} //Dragon Book

@inproceedings{pike2012go,
  title={Go at google},
  author={Pike, Rob},
  booktitle={Proceedings of the 3rd annual conference on Systems, programming, and applications: software for humanity},
  pages={5--6},
  year={2012}
}